<?xml version="1.0" encoding="UTF-8"?><collection xmlns="http://www.loc.gov/MARC21/slim"><record><leader>00450nam--2200181-i-4500</leader><controlfield tag="001">000002827</controlfield><controlfield tag="002">20161230</controlfield><controlfield tag="005">20161230201025</controlfield><controlfield tag="008">060222s1000------------r-----000-0-fre-d</controlfield><datafield ind1=" " ind2=" " tag="040"><subfield code="a">IFIN-HH</subfield></datafield><datafield ind1=" " ind2=" " tag="041"><subfield code="a">fre</subfield></datafield><datafield ind1=" " ind2=" " tag="080"><subfield code="a">535</subfield></datafield><datafield ind1="1" ind2=" " tag="100"><subfield code="a">Cohu, Merry</subfield></datafield><datafield ind1="1" ind2="0" tag="245"><subfield code="a">Rayonnement, photometrie et eclairage</subfield><subfield code="c">Merry cohu</subfield></datafield><datafield ind1=" " ind2=" " tag="260"><subfield code="a">Paris, ,</subfield><subfield code="b">Gauthier-villars Editeur</subfield><subfield code="c">1949</subfield></datafield><datafield ind1=" " ind2=" " tag="300"><subfield code="a">398P</subfield></datafield><datafield ind1=" " ind2=" " tag="852"><subfield code="a">10700</subfield><subfield code="c">535</subfield></datafield><datafield ind1=" " ind2=" " tag="CAT"><subfield code="a">Sys</subfield><subfield code="c">20101018</subfield><subfield code="h">133247</subfield></datafield></record></collection>